<?xml version="1.0" encoding="UTF-8"?>
<collection xmlns="http://www.loc.gov/MARC21/slim">
    <record>
        <leader>00000ncm a2200000 i 4500</leader>
        <controlfield tag="001">nkc20172879720</controlfield>
        <controlfield tag="003">CZ PrNK</controlfield>
        <controlfield tag="005">20170413163745.0</controlfield>
        <controlfield tag="007">qu</controlfield>
        <controlfield tag="008">170223t20162016xr dva g h nn zxx</controlfield>
        <datafield tag="015" ind1=" " ind2=" ">
            <subfield code="a">cnb002879720</subfield>
        </datafield>
        <datafield tag="024" ind1="2" ind2=" ">
            <subfield code="a">979-0-2601-0748-9</subfield>
            <subfield code="q">(brožováno)</subfield>
        </datafield>
        <datafield tag="028" ind1="3" ind2="1">
            <subfield code="a">BA 10424</subfield>
            <subfield code="b">Bärenreiter</subfield>
        </datafield>
        <datafield tag="040" ind1=" " ind2=" ">
            <subfield code="a">ABA001</subfield>
            <subfield code="b">cze</subfield>
            <subfield code="d">BOA001</subfield>
            <subfield code="e">rda</subfield>
        </datafield>
        <datafield tag="041" ind1="0" ind2=" ">
            <subfield code="g">cze</subfield>
            <subfield code="g">eng</subfield>
            <subfield code="g">ger</subfield>
        </datafield>
        <datafield tag="043" ind1=" " ind2=" ">
            <subfield code="a">e-xr---</subfield>
        </datafield>
        <datafield tag="044" ind1=" " ind2=" ">
            <subfield code="a">xr</subfield>
            <subfield code="a">gw</subfield>
            <subfield code="a">sz</subfield>
            <subfield code="a">xxk</subfield>
            <subfield code="a">xxu</subfield>
        </datafield>
        <datafield tag="045" ind1=" " ind2=" ">
            <subfield code="a">w-x-</subfield>
        </datafield>
        <datafield tag="048" ind1=" " ind2=" ">
            <subfield code="a">wa02</subfield>
            <subfield code="a">wc02</subfield>
            <subfield code="a">wd03</subfield>
            <subfield code="a">ba03</subfield>
            <subfield code="a">sc01</subfield>
            <subfield code="a">sd01</subfield>
        </datafield>
        <datafield tag="072" ind1=" " ind2="7">
            <subfield code="a">786/789</subfield>
            <subfield code="x">Hudba pro jednotlivé nástroje</subfield>
            <subfield code="2">Konspekt</subfield>
            <subfield code="9">9</subfield>
        </datafield>
        <datafield tag="080" ind1=" " ind2=" ">
            <subfield code="a">78.083.4</subfield>
            <subfield code="2">MRF</subfield>
        </datafield>
        <datafield tag="100" ind1="1" ind2=" ">
            <subfield code="a">Dvořák, Antonín,</subfield>
            <subfield code="d">1841-1904</subfield>
            <subfield code="7">jn19981000826</subfield>
            <subfield code="4">cmp</subfield>
        </datafield>
        <datafield tag="240" ind1="1" ind2="0">
            <subfield code="a">Serenády,</subfield>
            <subfield code="m">hoboje (2), klarinety (2), fagoty (2), kontrafagot, lesní rohy (3), violoncello,
                kontrabas,
            </subfield>
            <subfield code="n">op. 44,</subfield>
            <subfield code="r">d moll</subfield>
            <subfield code="7">aun2008475097</subfield>
        </datafield>
        <datafield tag="245" ind1="1" ind2="0">
            <subfield code="a">Serenáda pro dechové nástroje, violoncello a kontrabas op. 44 :</subfield>
            <subfield code="b">Serenade for wind instruments, violoncello and double bass = Serenade für
                Blasinstrumente, Violoncello und Kontrabas : Urtext /
            </subfield>
            <subfield code="c">Dvořák ; k vydání připravil Robin Tait = edited by Robin Tait = herausgegeben von Robin
                Tait
            </subfield>
        </datafield>
        <datafield tag="246" ind1="3" ind2="1">
            <subfield code="a">Serenade for wind instruments, violoncello and double bass</subfield>
        </datafield>
        <datafield tag="250" ind1=" " ind2=" ">
            <subfield code="a">1. vydání</subfield>
        </datafield>
        <datafield tag="264" ind1=" " ind2="1">
            <subfield code="a">Kassel ;</subfield>
            <subfield code="a">Basel ;</subfield>
            <subfield code="a">London ;</subfield>
            <subfield code="a">New York ;</subfield>
            <subfield code="a">Praha :</subfield>
            <subfield code="b">Bärenreiter,</subfield>
            <subfield code="c">2016</subfield>
        </datafield>
        <datafield tag="264" ind1=" " ind2="4">
            <subfield code="c">©2016</subfield>
        </datafield>
        <datafield tag="300" ind1=" " ind2=" ">
            <subfield code="a">1 partitura (xiii, 70 stran) ;</subfield>
            <subfield code="c">31 cm</subfield>
        </datafield>
        <datafield tag="336" ind1=" " ind2=" ">
            <subfield code="a">zápis hudby</subfield>
            <subfield code="b">ntm</subfield>
            <subfield code="2">rdacontent</subfield>
        </datafield>
        <datafield tag="337" ind1=" " ind2=" ">
            <subfield code="a">bez média</subfield>
            <subfield code="b">n</subfield>
            <subfield code="2">rdamedia</subfield>
        </datafield>
        <datafield tag="382" ind1="0" ind2="1">
            <subfield code="a">dechový nástroj</subfield>
            <subfield code="n">10</subfield>
            <subfield code="a">violoncello</subfield>
            <subfield code="n">1</subfield>
            <subfield code="a">kontrabas</subfield>
            <subfield code="n">1</subfield>
        </datafield>
        <datafield tag="490" ind1="1" ind2=" ">
            <subfield code="a">Bärenreiter Urtext</subfield>
        </datafield>
        <datafield tag="500" ind1=" " ind2=" ">
            <subfield code="a">Předmluva anglicky, česky a německy, autor David R. Beveridge</subfield>
        </datafield>
        <datafield tag="505" ind1="0" ind2=" ">
            <subfield code="a">I Moderato quasi Marcia -- II Menuetto. Tempo di Minuetto -- III Andante con moto -- IV
                Finale. Allegro molto
            </subfield>
        </datafield>
        <datafield tag="648" ind1=" " ind2="7">
            <subfield code="a">19.-20. století</subfield>
            <subfield code="7">ch757015</subfield>
            <subfield code="2">czenas</subfield>
        </datafield>
        <datafield tag="650" ind1="0" ind2="7">
            <subfield code="a">serenády</subfield>
            <subfield code="7">ph321741</subfield>
            <subfield code="z">Česko</subfield>
            <subfield code="y">19.-20. století</subfield>
            <subfield code="2">czenas</subfield>
        </datafield>
        <datafield tag="655" ind1=" " ind2="7">
            <subfield code="a">partitury</subfield>
            <subfield code="7">fd185981</subfield>
            <subfield code="2">czenas</subfield>
        </datafield>
        <datafield tag="700" ind1="1" ind2=" ">
            <subfield code="a">Tait, Robin</subfield>
            <subfield code="4">edt</subfield>
        </datafield>
        <datafield tag="700" ind1="1" ind2=" ">
            <subfield code="a">Beveridge, David R.</subfield>
            <subfield code="7">mzk2003195316</subfield>
            <subfield code="4">aui</subfield>
        </datafield>
        <datafield tag="830" ind1=" " ind2="0">
            <subfield code="a">Bärenreiter Urtext</subfield>
        </datafield>
        <datafield tag="910" ind1="2" ind2=" ">
            <subfield code="a">BOA001</subfield>
            <subfield code="b">Mus4-1384.239</subfield>
        </datafield>
        <datafield tag="928" ind1="9" ind2=" ">
            <subfield code="a">Bärenreiter Praha</subfield>
        </datafield>
        <datafield tag="990" ind1=" " ind2=" ">
            <subfield code="a">MU</subfield>
        </datafield>
        <datafield tag="995" ind1=" " ind2=" ">
            <subfield code="a">01</subfield>
        </datafield>
        <datafield tag="991" ind1=" " ind2=" ">
            <subfield code="b">201703</subfield>
            <subfield code="c">NOV</subfield>
        </datafield>
        <datafield tag="925" ind1=" " ind2=" ">
            <subfield code="a">hoboj (2), klarinet (2), fagot (2), kontrafagot, lesní roh (3), violoncello, kontrabas
            </subfield>
            <subfield code="b">Ob (2), Cl (2), Fg (2), cFg, Cor (3), Vlc, Cb</subfield>
        </datafield>
        <datafield tag="925" ind1=" " ind2=" ">
            <subfield code="a">dechový nástroj (10), violoncello, kontrabas</subfield>
            <subfield code="b">fiati (10), Vlc, Cb</subfield>
        </datafield>
        <datafield tag="926" ind1=" " ind2=" ">
            <subfield code="a">B. 77</subfield>
            <subfield code="b">op. 44</subfield>
        </datafield>
        <datafield tag="996" ind1="6" ind2=" ">
            <subfield code="b">2610699362</subfield>
            <subfield code="c">Mus4-1384.239</subfield>
            <subfield code="l">MZK</subfield>
            <subfield code="r">Sklad / do 1 hodiny</subfield>
            <subfield code="n">0</subfield>
            <subfield code="p">p.v.</subfield>
            <subfield code="w">001601122</subfield>
            <subfield code="u">000010</subfield>
            <subfield code="a">1</subfield>
            <subfield code="e">BOA001</subfield>
            <subfield code="j">MZK50</subfield>
            <subfield code="s">P</subfield>
            <subfield code="t">BOA001.MZK01001565745.MZK50001601122000010</subfield>
        </datafield>
    </record>
</collection>
